<?xml version="1.0" encoding="UTF-8"?><record xmlns="http://www.loc.gov/MARC21/slim" xmlns:cinclude="http://apache.org/cocoon/include/1.0" xmlns:zs="http://www.loc.gov/zing/srw/">
  <leader>00993nz  a2200205n  4500</leader>
  <controlfield tag="001">no2011186558</controlfield>
  <controlfield tag="003">DLC</controlfield>
  <controlfield tag="005">20111207075217.0</controlfield>
  <controlfield tag="008">111205n| azannaabn          |a aaa     c</controlfield>
  <datafield tag="010" ind1=" " ind2=" ">
    <subfield code="a">no2011186558</subfield>
  </datafield>
  <datafield tag="035" ind1=" " ind2=" ">
    <subfield code="a">(OCoLC)oca09053290</subfield>
  </datafield>
  <datafield tag="040" ind1=" " ind2=" ">
    <subfield code="a">ICU</subfield>
    <subfield code="b">eng</subfield>
    <subfield code="c">ICU</subfield>
    <subfield code="e">rda</subfield>
  </datafield>
  <datafield tag="046" ind1=" " ind2=" ">
    <subfield code="f">19530316</subfield>
    <subfield code="g">20081115</subfield>
  </datafield>
  <datafield tag="100" ind1="1" ind2=" ">
    <subfield code="a">Mahmoud Abd el-Qader, Adel,</subfield>
    <subfield code="d">1953-2008</subfield>
  </datafield>
  <datafield tag="372" ind1=" " ind2=" ">
    <subfield code="a">Egyptian archaeology</subfield>
  </datafield>
  <datafield tag="400" ind1="1" ind2=" ">
    <subfield code="a">Abd el-Qader, Adel Mahmoud,</subfield>
    <subfield code="d">1953-2008</subfield>
  </datafield>
  <datafield tag="400" ind1="1" ind2=" ">
    <subfield code="a">El-Qader, Adel Mahmoud Abd,</subfield>
    <subfield code="d">1953-2008</subfield>
  </datafield>
  <datafield tag="400" ind1="1" ind2=" ">
    <subfield code="a">Qader, Adel Mahmoud Abd El-,</subfield>
    <subfield code="d">1953-2008</subfield>
  </datafield>
  <datafield tag="400" ind1="1" ind2=" ">
    <subfield code="a">Mahmoud, Adel,</subfield>
    <subfield code="d">1953-2008</subfield>
  </datafield>
  <datafield tag="670" ind1=" " ind2=" ">
    <subfield code="a">Catalogue of funerary objects from the Tomb of the servant in the place of truth Sennedjem (TT1), 2011:</subfield>
    <subfield code="b">t.p. (Adel Mahmoud Abd el-Qader) p. ix, etc. (born March 16, 1953; died November 15, 2008, of cancer; worked at the Egyptian Museum in Cairo; between 2003 and 2008, director of the Information Center of the Museum Sector of the Supreme Council of Antiquities (Egypt)) cover (Adel Mahmoud)</subfield>
  </datafield>
</record>